% Example of bibtex for a journal. Can easily be found from the corresponding website of the paper. Just copy the Bibtext from the citation, no need to alter anything. You can also match with the given example of referencing.

@article{r1,
  title={Global prevalence of autism and other pervasive developmental disorders},
  author={Elsabbagh, Mayada and Divan, Gauri and Koh, Yun-Joo and Kim, Young Shin and Kauchali, Shuaib and Marc{\'\i}n, Carlos and Montiel-Nava, Cecilia and Patel, Vikram and Paula, Cristiane S and Wang, Chongying and others},
  journal={Autism research},
  volume={5},
  number={3},
  pages={160--179},
  year={2012},
  publisher={Wiley Online Library}
}

@article{wang2020aimafe,
  title={AIMAFE: autism spectrum disorder identification with multi-atlas deep feature representation and ensemble learning},
  author={Wang, Yufei and Wang, Jianxin and Wu, Fang-Xiang and Hayrat, Rahmatjan and Liu, Jin},
  journal={Journal of Neuroscience Methods},
  pages={108840},
  year={2020},
  publisher={Elsevier}
}

@article{yangdeep,
  title={A Deep Neural Network Study of the ABIDE Repository on Autism Spectrum Classification},
  author={Yang, Xin and Schrader, Paul T and Zhang, Ning}
}

@article{tang2020deep,
  title={Deep Multimodal Learning for the Diagnosis of Autism Spectrum Disorder},
  author={Tang, Michelle and Kumar, Pulkit and Chen, Hao and Shrivastava, Abhinav},
  journal={Journal of Imaging},
  volume={6},
  number={6},
  pages={47},
  year={2020},
  publisher={Multidisciplinary Digital Publishing Institute}
}

@misc{r2, title={Autism spectrum disorders}, url={https://www.who.int/news-room/fact-sheets/detail/autism-spectrum-disorders}, journal={World Health Organization}, publisher={World Health Organization}}

@article{r3,
  title={Trajectories of autism severity in children using standardized ADOS scores},
  author={Gotham, Katherine and Pickles, Andrew and Lord, Catherine},
  journal={Pediatrics},
  volume={130},
  number={5},
  pages={e1278--e1284},
  year={2012},
  publisher={Am Acad Pediatrics}
}

@article{r4,
  title={Developmental trajectories of symptom severity and adaptive functioning in an inception cohort of preschool children with autism spectrum disorder},
  author={Szatmari, Peter and Georgiades, Stelios and Duku, Eric and Bennett, Teresa A and Bryson, Susan and Fombonne, Eric and Mirenda, Pat and Roberts, Wendy and Smith, Isabel M and Vaillancourt, Tracy and others},
  journal={JAMA psychiatry},
  volume={72},
  number={3},
  pages={276--283},
  year={2015},
  publisher={American Medical Association}
}

@article{r5,
  title={Austism diagnostic observation schedule: A standardized observation of communicative and social behavior},
  author={Lord, Catherine and Rutter, Michael and Goode, Susan and Heemsbergen, Jacquelyn and Jordan, Heather and Mawhood, Lynn and Schopler, Eric},
  journal={Journal of autism and developmental disorders},
  volume={19},
  number={2},
  pages={185--212},
  year={1989},
  publisher={Springer}
}

@article{r6,
  title={Autism Diagnostic Interview-Revised: a revised version of a diagnostic interview for caregivers of individuals with possible pervasive developmental disorders},
  author={Lord, Catherine and Rutter, Michael and Le Couteur, Ann},
  journal={Journal of autism and developmental disorders},
  volume={24},
  number={5},
  pages={659--685},
  year={1994},
  publisher={Springer}
}

@article{varoquaux2013learning,
  title={Learning and comparing functional connectomes across subjects},
  author={Varoquaux, Ga{\"e}l and Craddock, R Cameron},
  journal={NeuroImage},
  volume={80},
  pages={405--415},
  year={2013},
  publisher={Elsevier}
}

@article{abraham2017deriving,
  title={Deriving reproducible biomarkers from multi-site resting-state data: An Autism-based example},
  author={Abraham, Alexandre and Milham, Michael P and Di Martino, Adriana and Craddock, R Cameron and Samaras, Dimitris and Thirion, Bertrand and Varoquaux, Gael},
  journal={NeuroImage},
  volume={147},
  pages={736--745},
  year={2017},
  publisher={Elsevier}
}

@article{arbabshirani2017single,
  title={Single subject prediction of brain disorders in neuroimaging: Promises and pitfalls},
  author={Arbabshirani, Mohammad R and Plis, Sergey and Sui, Jing and Calhoun, Vince D},
  journal={Neuroimage},
  volume={145},
  pages={137--165},
  year={2017},
  publisher={Elsevier}
}

@article{heinsfeld2018identification,
  title={Identification of autism spectrum disorder using deep learning and the ABIDE dataset},
  author={Heinsfeld, Anibal S{\'o}lon and Franco, Alexandre Rosa and Craddock, R Cameron and Buchweitz, Augusto and Meneguzzi, Felipe},
  journal={NeuroImage: Clinical},
  volume={17},
  pages={16--23},
  year={2018},
  publisher={Elsevier}
}

@article{leo2019computational,
  title={Computational analysis of deep visual data for quantifying facial expression production},
  author={Leo, Marco and Carcagn{\`\i}, Pierluigi and Distante, Cosimo and Mazzeo, Pier Luigi and Spagnolo, Paolo and Levante, Annalisa and Petrocchi, Serena and Lecciso, Flavia},
  journal={Applied Sciences},
  volume={9},
  number={21},
  pages={4542},
  year={2019},
  publisher={Multidisciplinary Digital Publishing Institute}
}

@article{han2017global,
  title={Global synchronization of multichannel EEG based on r{\'e}nyi entropy in children with autism spectrum disorder},
  author={Han, Junxia and Li, Yanzhu and Kang, Jiannan and Cai, Erjuan and Tong, Zhen and Ouyang, Gaoxiang and Li, Xiaoli},
  journal={Applied Sciences},
  volume={7},
  number={3},
  pages={257},
  year={2017},
  publisher={Multidisciplinary Digital Publishing Institute}
}

@article{liu2017technology,
  title={Technology-facilitated diagnosis and treatment of individuals with autism spectrum disorder: An engineering perspective},
  author={Liu, Xiongyi and Wu, Qing and Zhao, Wenbing and Luo, Xiong},
  journal={Applied Sciences},
  volume={7},
  number={10},
  pages={1051},
  year={2017},
  publisher={Multidisciplinary Digital Publishing Institute}
}

@article{johnston2020soundfields,
  title={SoundFields: A virtual reality game designed to address auditory hypersensitivity in individuals with autism spectrum disorder},
  author={Johnston, Daniel and Egermann, Hauke and Kearney, Gavin},
  journal={Applied Sciences},
  volume={10},
  number={9},
  pages={2996},
  year={2020},
  publisher={Multidisciplinary Digital Publishing Institute}
}

@article{johnston2019measuring,
  title={Measuring the behavioral response to spatial audio within a multi-modal virtual reality environment in children with autism spectrum disorder},
  author={Johnston, Daniel and Egermann, Hauke and Kearney, Gavin},
  journal={Applied Sciences},
  volume={9},
  number={15},
  pages={3152},
  year={2019},
  publisher={Multidisciplinary Digital Publishing Institute}
}

@article{subah2021deep,
  title={A Deep Learning Approach to Predict Autism Spectrum Disorder Using Multisite Resting-State fMRI},
  author={Subah, Faria Zarin and Deb, Kaushik and Dhar, Pranab Kumar and Koshiba, Takeshi},
  journal={Applied Sciences},
  volume={11},
  number={8},
  pages={3636},
  year={2021},
  publisher={Multidisciplinary Digital Publishing Institute}
}

@article{magrini2019augmented,
  title={Augmented interaction systems for supporting autistic children. Evolution of a multichannel expressive tool: the SEMI project feasibility study},
  author={Magrini, Massimo and Curzio, Olivia and Carboni, Andrea and Moroni, Davide and Salvetti, Ovidio and Melani, Alessandra},
  journal={Applied Sciences},
  volume={9},
  number={15},
  pages={3081},
  year={2019},
  publisher={Multidisciplinary Digital Publishing Institute}
}

@article{garrity2007aberrant,
  title={Aberrant “default mode” functional connectivity in schizophrenia},
  author={Garrity, Abigail G and Pearlson, Godfrey D and McKiernan, Kristen and Lloyd, Dan and Kiehl, Kent A and Calhoun, Vince D},
  journal={American journal of psychiatry},
  volume={164},
  number={3},
  pages={450--457},
  year={2007},
  publisher={Am Psychiatric Assoc}
}

@article{zhou2007functional,
  title={Functional disintegration in paranoid schizophrenia using resting-state fMRI},
  author={Zhou, Yuan and Liang, Meng and Tian, Lixia and Wang, Kun and Hao, Yihui and Liu, Haihong and Liu, Zhening and Jiang, Tianzi},
  journal={Schizophrenia research},
  volume={97},
  number={1-3},
  pages={194--205},
  year={2007},
  publisher={Elsevier}
}

@article{jafri2008method,
  title={A method for functional network connectivity among spatially independent resting-state components in schizophrenia},
  author={Jafri, Madiha J and Pearlson, Godfrey D and Stevens, Michael and Calhoun, Vince D},
  journal={Neuroimage},
  volume={39},
  number={4},
  pages={1666--1681},
  year={2008},
  publisher={Elsevier}
}

@article{calhoun2012exploring,
  title={Exploring the psychosis functional connectome: aberrant intrinsic networks in schizophrenia and bipolar disorder},
  author={Calhoun, Vince D and Sui, Jing and Kiehl, Kent and Turner, Jessica A and Allen, Elena A and Pearlson, Godfrey},
  journal={Frontiers in psychiatry},
  volume={2},
  pages={75},
  year={2012},
  publisher={Frontiers}
}

@article{craddock2009disease,
  title={Disease state prediction from resting state functional connectivity},
  author={Craddock, R Cameron and Holtzheimer III, Paul E and Hu, Xiaoping P and Mayberg, Helen S},
  journal={Magnetic Resonance in Medicine: An Official Journal of the International Society for Magnetic Resonance in Medicine},
  volume={62},
  number={6},
  pages={1619--1628},
  year={2009},
  publisher={Wiley Online Library}
}

@article{plitt2015functional,
  title={Functional connectivity classification of autism identifies highly predictive brain features but falls short of biomarker standards},
  author={Plitt, Mark and Barnes, Kelly Anne and Martin, Alex},
  journal={NeuroImage: Clinical},
  volume={7},
  pages={359--366},
  year={2015},
  publisher={Elsevier}
}

@article{anderson2011functional,
  title={Functional connectivity magnetic resonance imaging classification of autism},
  author={Anderson, Jeffrey S and Nielsen, Jared A and Froehlich, Alyson L and DuBray, Molly B and Druzgal, T Jason and Cariello, Annahir N and Cooperrider, Jason R and Zielinski, Brandon A and Ravichandran, Caitlin and Fletcher, P Thomas and others},
  journal={Brain},
  volume={134},
  number={12},
  pages={3742--3754},
  year={2011},
  publisher={Oxford University Press}
}

@article{shi2020fmri,
  title={An fMRI Feature Selection Method Based on a Minimum Spanning Tree for Identifying Patients with Autism},
  author={Shi, Chunlei and Zhang, Jiacai and Wu, Xia},
  journal={Symmetry},
  volume={12},
  number={12},
  pages={1995},
  year={2020},
  publisher={Multidisciplinary Digital Publishing Institute}
}

@article{rakhimberdina2020population,
  title={Population Graph-Based Multi-Model Ensemble Method for Diagnosing Autism Spectrum Disorder},
  author={Rakhimberdina, Zarina and Liu, Xin and Murata, Tsuyoshi},
  journal={Sensors},
  volume={20},
  number={21},
  pages={6001},
  year={2020},
  publisher={Multidisciplinary Digital Publishing Institute}
}

@article{zhang2020separated,
  title={Separated Channel Attention Convolutional Neural Network (SC-CNN-Attention) to Identify ADHD in Multi-Site Rs-fMRI Dataset},
  author={Zhang, Tao and Li, Cunbo and Li, Peiyang and Peng, Yueheng and Kang, Xiaodong and Jiang, Chenyang and Li, Fali and Zhu, Xuyang and Yao, Dezhong and Biswal, Bharat and others},
  journal={Entropy},
  volume={22},
  number={8},
  pages={893},
  year={2020},
  publisher={Multidisciplinary Digital Publishing Institute}
}

@article{greicius2004default,
  title={Default-mode network activity distinguishes Alzheimer's disease from healthy aging: evidence from functional MRI},
  author={Greicius, Michael D and Srivastava, Gaurav and Reiss, Allan L and Menon, Vinod},
  journal={Proceedings of the National Academy of Sciences},
  volume={101},
  number={13},
  pages={4637--4642},
  year={2004},
  publisher={National Acad Sciences}
}

@article{chen2011classification,
  title={Classification of Alzheimer disease, mild cognitive impairment, and normal cognitive status with large-scale network analysis based on resting-state functional MR imaging},
  author={Chen, Gang and Ward, B Douglas and Xie, Chunming and Li, Wenjun and Wu, Zhilin and Jones, Jennifer L and Franczak, Malgorzata and Antuono, Piero and Li, Shi-Jiang},
  journal={Radiology},
  volume={259},
  number={1},
  pages={213--221},
  year={2011},
  publisher={Radiological Society of North America, Inc.}
}

@article{guo2017diagnosing,
  title={Diagnosing autism spectrum disorder from brain resting-state functional connectivity patterns using a deep neural network with a novel feature selection method},
  author={Guo, Xinyu and Dominick, Kelli C and Minai, Ali A and Li, Hailong and Erickson, Craig A and Lu, Long J},
  journal={Frontiers in neuroscience},
  volume={11},
  pages={460},
  year={2017},
  publisher={Frontiers}
}

@misc{wikipedia_2021, title={Magnetic resonance imaging}, url={https://en.wikipedia.org/wiki/Magnetic_resonance_imaging}, journal={Wikipedia}, publisher={Wikimedia Foundation}, year={2021}, month={Apr}}

@article{biswal2012resting,
  title={Resting state fMRI: a personal history},
  author={Biswal, Bharat B},
  journal={Neuroimage},
  volume={62},
  number={2},
  pages={938--944},
  year={2012},
  publisher={Elsevier}
}

@article{riddle2017brain,
  title={Brain structure in autism: a voxel-based morphometry analysis of the Autism Brain Imaging Database Exchange (ABIDE)},
  author={Riddle, Kaitlin and Cascio, Carissa J and Woodward, Neil D},
  journal={Brain imaging and behavior},
  volume={11},
  number={2},
  pages={541--551},
  year={2017},
  publisher={Springer}
}

@article{aylward2002effects,
  title={Effects of age on brain volume and head circumference in autism},
  author={Aylward, Elizabeth H and Minshew, Nancy J and Field, K and Sparks, BF and Singh, N},
  journal={Neurology},
  volume={59},
  number={2},
  pages={175--183},
  year={2002},
  publisher={AAN Enterprises}
}

@article{palmen2005increased,
  title={Increased gray-matter volume in medication-naive high-functioning children with autism spectrum disorder},
  author={Palmen, Saskia JMC and Hulshoff Pol, Hilleke E and Kemner, Chantal and Schnack, Hugo G and Durston, Sarah and Lahuis, Bertine E and Kahn, Ren{\'e} S and Van Engeland, Herman},
  journal={Psychological medicine},
  volume={35},
  number={4},
  pages={561--570},
  year={2005},
  publisher={[Cambridge, Cambridgeshire]: Cambridge University Press,[1970-}
}

@article{courchesne2007mapping,
  title={Mapping early brain development in autism},
  author={Courchesne, Eric and Pierce, Karen and Schumann, Cynthia M and Redcay, Elizabeth and Buckwalter, Joseph A and Kennedy, Daniel P and Morgan, John},
  journal={Neuron},
  volume={56},
  number={2},
  pages={399--413},
  year={2007},
  publisher={Elsevier}
}

@article{herbert2003dissociations,
  title={Dissociations of cerebral cortex, subcortical and cerebral white matter volumes in autistic boys},
  author={Herbert, MR and Ziegler, DA and Deutsch, CK and O’brien, LM and Lange, N and Bakardjiev, A and Hodgson, J and Adrien, KT and Steele, S and Makris, N and others},
  journal={Brain},
  volume={126},
  number={5},
  pages={1182--1192},
  year={2003},
  publisher={Oxford University Press}
}

@article{jou2011reduced,
  title={Reduced central white matter volume in autism: Implications for long-range connectivity},
  author={Jou, Roger J and Mateljevic, Natasa and Minshew, Nancy J and Keshavan, Matcheri S and Hardan, Antonio Y},
  journal={Psychiatry and clinical neurosciences},
  volume={65},
  number={1},
  pages={98--101},
  year={2011},
  publisher={Wiley Online Library}
}

@article{kong2019classification,
  title={Classification of autism spectrum disorder by combining brain connectivity and deep neural network classifier},
  author={Kong, Yazhou and Gao, Jianliang and Xu, Yunpei and Pan, Yi and Wang, Jianxin and Liu, Jin},
  journal={Neurocomputing},
  volume={324},
  pages={63--68},
  year={2019},
  publisher={Elsevier}
}

@article{biswal1995functional,
  title={Functional connectivity in the motor cortex of resting human brain using echo-planar MRI},
  author={Biswal, Bharat and Zerrin Yetkin, F and Haughton, Victor M and Hyde, James S},
  journal={Magnetic resonance in medicine},
  volume={34},
  number={4},
  pages={537--541},
  year={1995},
  publisher={Wiley Online Library}
}

@article{nielsen2013multisite,
  title={Multisite functional connectivity MRI classification of autism: ABIDE results},
  author={Nielsen, Jared A and Zielinski, Brandon A and Fletcher, P Thomas and Alexander, Andrew L and Lange, Nicholas and Bigler, Erin D and Lainhart, Janet E and Anderson, Jeffrey S},
  journal={Frontiers in human neuroscience},
  volume={7},
  pages={599},
  year={2013},
  publisher={Frontiers}
}

@article{eslami2019asd,
  title={ASD-DiagNet: a hybrid learning approach for detection of autism spectrum disorder using fMRI data},
  author={Eslami, Taban and Mirjalili, Vahid and Fong, Alvis and Laird, Angela R and Saeed, Fahad},
  journal={Frontiers in neuroinformatics},
  volume={13},
  pages={70},
  year={2019},
  publisher={Frontiers}
}

@article{tang2020deep,
  title={Deep Multimodal Learning for the Diagnosis of Autism Spectrum Disorder},
  author={Tang, Michelle and Kumar, Pulkit and Chen, Hao and Shrivastava, Abhinav},
  journal={Journal of Imaging},
  volume={6},
  number={6},
  pages={47},
  year={2020},
  publisher={Multidisciplinary Digital Publishing Institute}
}

@article{rakic2020improving,
  title={Improving the detection of autism spectrum disorder by combining structural and functional MRI information},
  author={Raki{\'c}, Mladen and Cabezas, Mariano and Kushibar, Kaisar and Oliver, Arnau and Llad{\'o}, Xavier},
  journal={NeuroImage: Clinical},
  volume={25},
  pages={102181},
  year={2020},
  publisher={Elsevier}
}

@inproceedings{mellema2019multiple,
  title={Multiple deep learning architectures achieve superior performance diagnosing autism spectrum disorder using features previously extracted from structural and functional mri},
  author={Mellema, Cooper and Treacher, Alex and Nguyen, Kevin and Montillo, Albert},
  booktitle={2019 IEEE 16th International Symposium on Biomedical Imaging (ISBI 2019)},
  pages={1891--1895},
  year={2019},
  organization={IEEE}
}

@article{di2014autism,
  title={The autism brain imaging data exchange: towards a large-scale evaluation of the intrinsic brain architecture in autism},
  author={Di Martino, Adriana and Yan, Chao-Gan and Li, Qingyang and Denio, Erin and Castellanos, Francisco X and Alaerts, Kaat and Anderson, Jeffrey S and Assaf, Michal and Bookheimer, Susan Y and Dapretto, Mirella and others},
  journal={Molecular psychiatry},
  volume={19},
  number={6},
  pages={659--667},
  year={2014},
  publisher={Nature Publishing Group}
}

@misc{abide, title={Autism Brain Imaging Data Exchange I ABIDE I}, url={http://fcon_1000.projects.nitrc.org/indi/abide/abide_I.html}, journal={ABIDE}}

@article{craddock2013neuro,
  title={The neuro bureau preprocessing initiative: open sharing of preprocessed neuroimaging data and derivatives},
  author={Craddock, Cameron and Benhajali, Yassine and Chu, Carlton and Chouinard, Francois and Evans, Alan and Jakab, Andr{\'a}s and Khundrakpam, Budhachandra Singh and Lewis, John David and Li, Qingyang and Milham, Michael and others},
  journal={Frontiers in Neuroinformatics},
  volume={7},
  year={2013}
}

@misc{abidepreprocessed, title={ABIDE Preprocessed}, url={http://preprocessed-connectomes-project.org/abide/}, journal={ABIDE Preprocessed}}

@article{tzourio2002automated,
  title={Automated anatomical labeling of activations in SPM using a macroscopic anatomical parcellation of the MNI MRI single-subject brain},
  author={Tzourio-Mazoyer, Nathalie and Landeau, Brigitte and Papathanassiou, Dimitri and Crivello, Fabrice and Etard, Olivier and Delcroix, Nicolas and Mazoyer, Bernard and Joliot, Marc},
  journal={Neuroimage},
  volume={15},
  number={1},
  pages={273--289},
  year={2002},
  publisher={Elsevier}
}

@article{bellec2010multi,
  title={Multi-level bootstrap analysis of stable clusters in resting-state fMRI},
  author={Bellec, Pierre and Rosa-Neto, Pedro and Lyttelton, Oliver C and Benali, Habib and Evans, Alan C},
  journal={Neuroimage},
  volume={51},
  number={3},
  pages={1126--1139},
  year={2010},
  publisher={Elsevier}
}

@article{craddock2012whole,
  title={A whole brain fMRI atlas generated via spatially constrained spectral clustering},
  author={Craddock, R Cameron and James, G Andrew and Holtzheimer III, Paul E and Hu, Xiaoping P and Mayberg, Helen S},
  journal={Human brain mapping},
  volume={33},
  number={8},
  pages={1914--1928},
  year={2012},
  publisher={Wiley Online Library}
}

@article{power2011functional,
  title={Functional network organization of the human brain},
  author={Power, Jonathan D and Cohen, Alexander L and Nelson, Steven M and Wig, Gagan S and Barnes, Kelly Anne and Church, Jessica A and Vogel, Alecia C and Laumann, Timothy O and Miezin, Fran M and Schlaggar, Bradley L and others},
  journal={Neuron},
  volume={72},
  number={4},
  pages={665--678},
  year={2011},
  publisher={Elsevier}
}

@misc{nilearn, title={Nilearn:}, url={https://nilearn.github.io/}, journal={Nilearn}}

@article{dadi2019benchmarking,
  title={Benchmarking functional connectome-based predictive models for resting-state fMRI},
  author={Dadi, Kamalaker and Rahim, Mehdi and Abraham, Alexandre and Chyzhyk, Darya and Milham, Michael and Thirion, Bertrand and Varoquaux, Ga{\"e}l and Alzheimer's Disease Neuroimaging Initiative and others},
  journal={NeuroImage},
  volume={192},
  pages={115--134},
  year={2019},
  publisher={Elsevier}
}

@article{varoquaux_baronnet_kleinschmidt_fillard_thirion_2010, title={Detection of Brain Functional-Connectivity Difference in Post-stroke Patients Using Group-Level Covariance Modeling}, DOI={10.1007/978-3-642-15705-9_25}, journal={Medical Image Computing and Computer-Assisted Intervention – MICCAI 2010 Lecture Notes in Computer Science}, author={Varoquaux, Gaël and Baronnet, Flore and Kleinschmidt, Andreas and Fillard, Pierre and Thirion, Bertrand}, year={2010}, pages={200–208}}

@article{li_gu_dvornek_staib_ventola_duncan_2020, title={Multi-site fMRI analysis using privacy-preserving federated learning and domain adaptation: ABIDE results}, volume={65}, DOI={10.1016/j.media.2020.101765}, journal={Medical Image Analysis}, author={Li, Xiaoxiao and Gu, Yufeng and Dvornek, Nicha and Staib, Lawrence H. and Ventola, Pamela and Duncan, James S.}, year={2020}, pages={101765}}

@article{du2019brain,
  title={Brain encoding and decoding in fMRI with bidirectional deep generative models},
  author={Du, Changde and Li, Jinpeng and Huang, Lijie and He, Huiguang},
  journal={Engineering},
  volume={5},
  number={5},
  pages={948--953},
  year={2019},
  publisher={Elsevier}
}

@article{yassin2020machine,
  title={Machine-learning classification using neuroimaging data in schizophrenia, autism, ultra-high risk and first-episode psychosis},
  author={Yassin, Walid and Nakatani, Hironori and Zhu, Yinghan and Kojima, Masaki and Owada, Keiho and Kuwabara, Hitoshi and Gonoi, Wataru and Aoki, Yuta and Takao, Hidemasa and Natsubori, Tatsunobu and others},
  journal={Translational psychiatry},
  volume={10},
  number={1},
  pages={1--11},
  year={2020},
  publisher={Nature Publishing Group}
}

@article{venkatesh2020comparing,
  title={Comparing functional connectivity matrices: A geometry-aware approach applied to participant identification},
  author={Venkatesh, Manasij and Jaja, Joseph and Pessoa, Luiz},
  journal={NeuroImage},
  volume={207},
  pages={116398},
  year={2020},
  publisher={Elsevier}
}

@article{farahani2019application,
  title={Application of graph theory for identifying connectivity patterns in human brain networks: a systematic review},
  author={Farahani, Farzad V and Karwowski, Waldemar and Lighthall, Nichole R},
  journal={frontiers in Neuroscience},
  volume={13},
  pages={585},
  year={2019},
  publisher={Frontiers}
}